
@inproceedings{Alamelu2021,
  author    = {Alamelu, M and Kumar, D Sanjana, R. and Sree, J and Devi, A. and Kavitha, D},
  booktitle = {Proceedings of the 2021 10th International Conference on Internet of Everything, Microwave Engineering, Communication and Networks (IEMECON)},
  title     = {Resume Validation and Filtration using Natural Language Processing},
  year      = {2021},
  month     = {12},
  day       = {1},
  doi       = {10.1109/iemecon53809.2021.9689075},
}

@inproceedings{Black2022,
  author    = {Black, Sidney and Biderman, Stella and Hallahan, Eric and Anthony, Quentin and Gao, Leo and Golding, Laurence and He, Horace and Leahy, Connor and Mcdonell, Kyle and Phang, Jason and Pieler, Michael and Prashanth, Usvsn and Purohit, Shivanshu and Reynolds, Laria and Tow, Jonathan and Wang, Ben and Weinbach, Samuel},
  book_title = {Proceedings of BigScience Episode \#5 -- Workshop on Challenges\& Perspectives in Creating Large Language Models},
  title     = {GPT-NeoX-20B: An Open-Source Autoregressive Language Model},
  year      = {2022},
  publisher = {Association for Computational Linguistics},
  doi       = {10.18653/v1/2022.bigscience-1.9},
}

@article{Devlin2018,
  author    = {Devlin, J and Chang, M.-W and Lee, K and Toutanova, K},
  journal   = {Cylchgrawn Addysg Cymru / Wales Journal of Education},
  title     = {Exploring teachers' confidence in addressing mental health issues in learners with Profound and Multiple Learning Difficulties (PMLD) pre and post-training},
  year      = {2018},
  doi       = {10.16922/wje.p5},
  publisher = {University of Wales Press/Gwasg Prifysgol Cymru},
}

@article{Galassi2020,
  author    = {Galassi, Andrea and Lippi, Marco and Torroni, Paolo},
  journal   = {IEEE Transactions on Neural Networks and Learning Systems},
  title     = {Attention in Natural Language Processing},
  year      = {2020},
  volume    = {32},
  number    = {10},
  pages     = {4291--4308},
  doi       = {10.1109/tnnls.2020.3019893},
  publisher = {Institute of Electrical and Electronics Engineers (IEEE)},
}

@article{Khurana2023,
  author    = {Khurana, Diksha and Koli, Aditya and Khatter, Kiran and Singh, Sukhdev},
  journal   = {Multimedia Tools and Applications},
  title     = {Natural language processing: state of the art, current trends and challenges},
  year      = {2023},
  volume    = {82},
  number    = {3},
  pages     = {3713--3744},
  doi       = {10.1007/s11042-022-13428-4},
  publisher = {Springer Science and Business Media LLC},
}

@article{Liu2019,
  author    = {Liu, Zhuang and Lin, Wayne and Shi, Ya and Zhao, Jun},
  title     = {A Robustly Optimized BERT Pre-training Approach with Post-training},
  journal   = {Lecture Notes in Computer Science},
  year      = {2019},
  volume    = {11442},
  pages     = {471--484},
  doi       = {10.1007/978-3-030-84186-7_31},
  publisher = {Springer International Publishing},
}

@article{Min2023,
  author    = {Min, Bonan and Ross, Hayley and Sulem, Elior and Veyseh, Amir and Nguyen, Thien and Sainz, Oscar and Agirre, Eneko and Heintz, Ilana and Roth, Dan},
  journal   = {ACM Computing Surveys},
  title     = {Recent Advances in Natural Language Processing via Large Pre-trained Language Models: A Survey},
  year      = {2023},
  volume    = {56},
  number    = {2},
  pages     = {1--40},
  doi       = {10.1145/3605943},
  publisher = {Association for Computing Machinery (ACM)},
}

@article{Sarode2023,
  author    = {Sarode, Prof. and Joshi, Bhakti and Savakare, Tejaswini and Warule, Harshada},
  journal   = {International Journal for Research in Applied Science and Engineering Technology},
  title     = {A Real-Time Chatbot Using Python},
  year      = {2023},
  volume    = {11},
  number    = {5},
  pages     = {7385--7389},
  doi       = {10.22214/ijraset.2023.53453},
  publisher = {International Journal for Research in Applied Science and Engineering Technology (IJRASET)},
}

@article{Zhao2021,
  author    = {Zhao, Liping and Alhoshan, Waad and Ferrari, Alessio and Letsholo, Keletso and Ajagbe, Muideen and Chioasca, Erol-Valeriu and Batista-Navarro, Riza},
  journal   = {ACM Computing Surveys},
  title     = {Natural Language Processing for Requirements Engineering},
  year      = {2021},
  volume    = {54},
  number    = {3},
  pages     = {1--41},
  doi       = {10.1145/3444689},
  publisher = {Association for Computing Machinery (ACM)},
}

@book{Sommerville2016,
   author = {Ian Sommerville},
   title = {Software engineering},
   year = {2016},
   publisher = {Courier Westford},
   address = {United States of America},
   edition = {Tenth Edition},
   isbn = {9780133943030},
   pages = {796},
}

@misc{Wiegers2013,
   author = {Karl Wiegers and Joy Beatty},
   title = {Software Requirements, Third Edition},
   year = {2013},
   pages = {1--84},
}

@book{manning2008introduction,
  title={Introduction to information retrieval},
  author={Manning, Christopher D and Raghavan, Prabhakar and Sch{\"u}tze, Hinrich},
  year={2008},
  publisher={Cambridge University Press}
}

@book{liu2022sentiment,
  title={Sentiment analysis and opinion mining},
  author={Liu, Bing},
  year={2022},
  publisher={Springer Nature}
}

@article{voleti2019review,
  title={A review of automated speech and language features for assessment of cognitive and thought disorders},
  author={Voleti, Rohit and Liss, Julie M and Berisha, Visar},
  journal={IEEE Journal of selected topics in Signal Processing},
  volume={14},
  number={2},
  pages={282--298},
  year={2019},
  publisher={IEEE}
}

@article{devlin2018bert,
  title={Bert: Pre-training of deep bidirectional transformers for language understanding},
  author={Devlin, Jacob and Chang, Ming-Wei and Lee, Kenton and Toutanova, Kristina},
  journal={arXiv preprint arXiv:1810.04805},
  year={2018}
}

@article{sebastiani2002machine,
  title={Machine learning in automated text categorization},
  author={Sebastiani, Fabrizio},
  journal={ACM computing surveys (CSUR)},
  volume={34},
  number={1},
  pages={1--47},
  year={2002},
  publisher={ACM New York, NY, USA}
}



@InBook{Belzner2023,
  author    = {Belzner, Lenz and Gabor, Thomas and Wirsing, Martin},
  pages     = {355-374},
  publisher = {Springer Nature Switzerland},
  title     = {Large Language Model Assisted Software Engineering: Prospects, Challenges, and a Case Study},
  year      = {2023},
  month     = {12},
  book_title = {Bridging the Gap Between AI and Reality},
  date      = {2023-12-14},
  day       = {14},
  doi       = {10.1007/978-3-031-46002-9_23},
}


@Article{Galassi2020,
  author    = {Galassi, Andrea and Lippi, Marco and Torroni, Paolo},
  journal   = {IEEE Transactions on Neural Networks and Learning Systems},
  title     = {Attention in Natural Language Processing},
  year      = {2020},
  number    = {10},
  pages     = {4291-4308},
  volume    = {32},
  date      = {2020},
  doi       = {10.1109/tnnls.2020.3019893},
  publisher = {Institute of Electrical and Electronics Engineers (IEEE)},
}



@article{sebastiani2002machine,
  author    = {Fabrizio Sebastiani},
  title     = {Machine Learning in Automated Text Categorization},
  journal   = {ACM Computing Surveys (CSUR)},
  volume    = {34},
  number    = {1},
  pages     = {1--47},
  year      = {2002},
  publisher = {ACM New York, NY, USA}
}



"@article{sebastiani2002machine,
  title={Machine learning in automated text categorization},
  author={Sebastiani, Fabrizio},
  journal={ACM computing surveys (CSUR)},
  volume={34},
  number={1},
  pages={1--47},
  year={2002},
  publisher={ACM New York, NY, USA}
}

@Article{Galassi2020,
  author    = {Galassi, Andrea and Lippi, Marco and Torroni, Paolo},
  journal   = {IEEE Transactions on Neural Networks and Learning Systems},
  title     = {Attention in Natural Language Processing},
  year      = {2020},
  number    = {10},
  pages     = {4291-4308},
  volume    = {32},
  date      = {2020},
  doi       = {10.1109/tnnls.2020.3019893},
  publisher = {Institute of Electrical and Electronics Engineers (IEEE)},
}

@Article{Sarode2023,
  author    = {Sarode, Prof. and Joshi, Bhakti and Savakare, Tejaswini and Warule, Harshada},
  journal   = {International Journal for Research in Applied Science and Engineering Technology},
  title     = {A Real-Time Chatbot Using Python},
  year      = {2023},
  month     = {5},
  number    = {5},
  pages     = {7385-7389},
  volume    = {11},
  date      = {2023-05-31},
  day       = {31},
  doi       = {10.22214/ijraset.2023.53453},
  publisher = {International Journal for Research in Applied Science and Engineering Technology (IJRASET)},
}


@InProceedings{Lewis2019,
  author    = {Lewis, Mike and Liu, Yinhan and Goyal, Naman and Ghazvininejad, Marjan and Mohamed, Abdelrahman and Levy, Omer and Stoyanov, Veselin and Zettlemoyer, Luke},
  book_title = {Proceedings of the 58th Annual Meeting of the Association for Computational Linguistics},
  title     = {BART: Denoising Sequence-to-Sequence Pre-training for Natural Language Generation, Translation, and Comprehension},
  year      = {2019},
  publisher = {Association for Computational Linguistics},
  date      = {2019},
  doi       = {10.18653/v1/2020.acl-main.703},
}

@Article{Acheampong2021,
  author    = {Acheampong, Francisca and Nunoo-Mensah, Henry and Chen, Wenyu},
  journal   = {Artificial Intelligence Review},
  title     = {Transformer models for text-based emotion detection: a review of BERT-based approaches},
  year      = {2021},
  month     = {2},
  number    = {8},
  pages     = {5789-5829},
  volume    = {54},
  date      = {2021-02-08},
  day       = {8},
  doi       = {10.1007/s10462-021-09958-2},
  publisher = {Springer Science and Business Media LLC},
}


@InProceedings{Anwar2020,
  author    = {Anwar, Muhammad and Ahsan, Imran and Azam, Farooque and Butt, Wasi and Rashid, Muhammad},
  book_title = {Proceedings of the 2020 12th International Conference on Computer and Automation Engineering},
  title     = {A Natural Language Processing (NLP) Framework for Embedded Systems to Automatically Extract Verification Aspects from Textual Design Requirements},
  year      = {2020},
  month     = {2},
  pages     = {7--12},
  publisher = {ACM},
  date      = {2020-02-14},
  day       = {14},
  doi       = {10.1145/3384613.3384619},
}

@Misc{AvilaPaldes2016,
  author = {Avila Paldês, R and Calazans, A and Melo Mariano, A and Ribeiro De Castro, Jose and E},
  title  = {A utilização da linguagem natural na especificação de requisitos: um estudo por meio das equações estruturais},
  year   = {2016},
  date   = {2016},
}

@InBook{Belzner2023a,
  author    = {Belzner, Lenz and Gabor, Thomas and Wirsing, Martin},
  pages     = {355-374},
  publisher = {Springer Nature Switzerland},
  title     = {Large Language Model Assisted Software Engineering: Prospects, Challenges, and a Case Study},
  year      = {2023},
  month     = {12},
  book_title = {Bridging the Gap Between AI and Reality},
  date      = {2023-12-14},
  day       = {14},
  doi       = {10.1007/978-3-031-46002-9_23},
}

@book{Beysolow2018,
  author    = {Beysolow, T. W.},
  title     = {Software Engineering: An Overview},
  year      = {2018},
  publisher = {Pearson},
  address   = {New York, NY}
}



@Article{Bogina2021,
  author    = {Bogina, Veronika and Hartman, Alan and Kuflik, Tsvi and Shulner-Tal, Avital},
  journal   = {International Journal of Artificial Intelligence in Education},
  title     = {Educating Software and AI Stakeholders About Algorithmic Fairness, Accountability, Transparency and Ethics},
  year      = {2021},
  month     = {4},
  number    = {3},
  pages     = {808-833},
  volume    = {32},
  date      = {2021-04-21},
  day       = {21},
  doi       = {10.1007/s40593-021-00248-0},
  publisher = {Springer Science and Business Media LLC},
}

@InBook{Huang2023,
  author    = {Huang, Jie and Chang, Kevin Chen-Chuan},
  publisher = {Association for Computational Linguistics},
  title     = {Towards Reasoning in Large Language Models: A Survey},
  year      = {2023},
  book_title = {Findings of the Association for Computational Linguistics: ACL 2023},
  date      = {2023},
  doi       = {10.18653/v1/2023.findings-acl.67},
}

@InBook{Chen2021,
  author    = {Chen, Hanting and Wang, Yunhe and Guo, Tianyu and Xu, Chang and Deng, Yiping and Liu, Zhenhua and Ma, Siwei and Xu, Chunjing and Xu, Chao and Gao, Wen},
  pages     = {12294--12305},
  publisher = {IEEE},
  title     = {Pre-Trained Image Processing Transformer},
  year      = {2021},
  month     = {6},
  book_title = {2021 IEEE/CVF Conference on Computer Vision and Pattern Recognition (CVPR)},
  date      = {2021-06},
  doi       = {10.1109/cvpr46437.2021.01212},
}

@Article{Choudhary2020,
  author    = {Choudhary, Tejalal and Mishra, Vipul and Goswami, Anurag and Sarangapani, Jagannathan},
  journal   = {Artificial Intelligence Review},
  title     = {A comprehensive survey on model compression and acceleration},
  year      = {2020},
  month     = {2},
  number    = {7},
  pages     = {5113-5155},
  volume    = {53},
  date      = {2020-02-08},
  day       = {8},
  doi       = {10.1007/s10462-020-09816-7},
  publisher = {Springer Science and Business Media LLC},
}

@Article{Dang2020,
  author    = {Dang, Nhan and Moreno-García, María and De La Prieta, Fernando},
  journal   = {Electronics},
  title     = {Sentiment Analysis Based on Deep Learning: A Comparative Study},
  year      = {2020},
  month     = {3},
  number    = {3},
  pages     = {483},
  volume    = {9},
  date      = {2020-03-14},
  day       = {14},
  doi       = {10.3390/electronics9030483},
  publisher = {MDPI AG},
}

@InBook{Daniel2023,
  author    = {Daniel, J and Martin, J},
  title     = {Speech and Language Processing Automatic Speech Recognition and Text-to-Speech},
  year      = {2023},
  book_title = {Speech and Language Processing Automatic Speech Recognition and Text-to-Speech},
  date      = {2023},
}

@Article{Devlin2018a,
  author    = {Devlin, J and Chang, M.-W and Lee, K and Toutanova, K},
  journal   = {Cylchgrawn Addysg Cymru / Wales Journal of Education},
  title     = {Exploring teachers’ confidence in addressing mental health issues in learners with Profound and Multiple Learning Difficulties (PMLD) pre and post-training},
  year      = {2018},
  date      = {2018},
  doi       = {10.16922/wje.p5},
  publisher = {University of Wales Press/Gwasg Prifysgol Cymru},
}

@Article{Ferreira‐mello2019,
  author    = {Ferreira‐mello, Rafael and André, Máverick and Pinheiro, Anderson and Costa, Evandro and Romero, Cristobal},
  journal   = {WIREs Data Mining and Knowledge Discovery},
  title     = {Text mining in education},
  year      = {2019},
  month     = {8},
  number    = {6},
  volume    = {9},
  date      = {2019-08-04},
  day       = {4},
  doi       = {10.1002/widm.1332},
  publisher = {Wiley},
}

@InBook{Jabangwe2021,
  author    = {Jabangwe, R and Kuusinen, K and Riisom, K and &},
  title     = {Challenges and Solutions for Addressing Software Security in Agile Software Development: A Literature Review and Rigor and Relevance Assessment. … Programming},
  year      = {2021},
  book_title = {Challenges and Solutions for Addressing Software Security in Agile Software Development: A Literature Review and Rigor and Relevance Assessment. … Programming},
  date      = {2021},
}

@Article{Janiesch2021,
  author    = {Janiesch, Christian and Zschech, Patrick and Heinrich, Kai},
  journal   = {Electronic Markets},
  title     = {Machine learning and deep learning},
  year      = {2021},
  month     = {4},
  number    = {3},
  pages     = {685-695},
  volume    = {31},
  date      = {2021-04-08},
  day       = {8},
  doi       = {10.1007/s12525-021-00475-2},
  publisher = {Springer Science and Business Media LLC},
}

@Article{Jelodar2019,
  author    = {Jelodar, Hamed and Wang, Yongli and Yuan, Chi and Feng, Xia and Jiang, Xiahui and Li, Yanchao and Zhao, Liang},
  journal   = {Multimedia Tools and Applications},
  title     = {Latent Dirichlet allocation (LDA) and topic modelling: models, applications, a survey},
  year      = {2019},
  number    = {11},
  pages     = {15169-15211},
  volume    = {78},
  date      = {2019},
  doi       = {10.1007/s11042-018-6894-4},
  publisher = {Springer Science and Business Media LLC},
}

@InBook{Jiang2013,
  author    = {Jiang, Jing},
  pages     = {11-41},
  publisher = {Springer US},
  title     = {Information Extraction from Text},
  year      = {2013},
  volume    = {9781461432234},
  booktitle = {Mining Text Data},
  date      = {2013},
  doi       = {10.1007/978-1-4614-3223-4_2},
}

@InBook{Kaiya2005,
  author    = {Kaiya, H and Saeki, M},
  publisher = {IEEE},
  title     = {Ontology Based Requirements Analysis: Lightweight Semantic Processing Approach},
  year      = {2005},
  book_title = {Fifth International Conference on Quality Software (QSIC'05)},
  date      = {2005},
  doi       = {10.1109/qsic.2005.46},
}

@Article{Kamalrudin2015,
  author    = {Kamalrudin, Massila and Sidek, Safiah},
  journal   = {International Journal of Software Engineering and Its Applications},
  title     = {A Review on Software Requirements Validation and Consistency Management},
  year      = {2015},
  month     = {10},
  number    = {10},
  pages     = {39-58},
  volume    = {9},
  date      = {2015-10-31},
  day       = {31},
  doi       = {10.14257/ijseia.2015.9.10.05},
  publisher = {Global Vision Press},
}

@Article{Kim2020,
  author    = {Kim, Yoojoong and Lee, Jeong and Choi, Sunho and Lee, Jeong and Kim, Jong-Ho and Seok, Junhee and Joo, Hyung},
  journal   = {Scientific Reports},
  title     = {Validation of deep learning natural language processing algorithm for keyword extraction from pathology reports in electronic health records},
  year      = {2020},
  month     = {11},
  number    = {1},
  volume    = {10},
  date      = {2020-11-20},
  day       = {20},
  doi       = {10.1038/s41598-020-77258-w},
  publisher = {Springer Science and Business Media LLC},
}

@InProceedings{Lewis2019a,
  author    = {Lewis, Mike and Liu, Yinhan and Goyal, Naman and Ghazvininejad, Marjan and Mohamed, Abdelrahman and Levy, Omer and Stoyanov, Veselin and Zettlemoyer, Luke},
  book_title = {Proceedings of the 58th Annual Meeting of the Association for Computational Linguistics},
  title     = {BART: Denoising Sequence-to-Sequence Pre-training for Natural Language Generation, Translation, and Comprehension},
  year      = {2019},
  publisher = {Association for Computational Linguistics},
  date      = {2019},
  doi       = {10.18653/v1/2020.acl-main.703},
}

@InBook{Li2020,
  author    = {Li, Jing and Sun, Aixin and Han, Jianglei and Li, Chenliang},
  publisher = {IEEE},
  title     = {A Survey on Deep Learning for Named Entity Recognition: Extended Abstract},
  year      = {2020},
  book_title = {2023 IEEE 39th International Conference on Data Engineering (ICDE)},
  date      = {2020},
  doi       = {10.1109/icde55515.2023.00335},
}

@InBook{Li2019,
  author    = {Li, Yunsheng and Yuan, Lu and Vasconcelos, Nuno},
  publisher = {IEEE},
  title     = {Bidirectional Learning for Domain Adaptation of Semantic Segmentation},
  year      = {2019},
  month     = {6},
  book_title = {2019 IEEE/CVF Conference on Computer Vision and Pattern Recognition (CVPR)},
  date      = {2019-06},
  doi       = {10.1109/cvpr.2019.00710},
}

@Article{Liu2023,
  author    = {Liu, Pengfei and Yuan, Weizhe and Fu, Jinlan and Jiang, Zhengbao and Hayashi, Hiroaki and Neubig, Graham},
  journal   = {ACM Computing Surveys},
  title     = {Pre-train, Prompt, and Predict: A Systematic Survey of Prompting Methods in Natural Language Processing},
  year      = {2023},
  month     = {1},
  number    = {9},
  pages     = {1-35},
  volume    = {55},
  date      = {2023-01-16},
  day       = {16},
  doi       = {10.1145/3560815},
  publisher = {Association for Computing Machinery (ACM)},
}

@Article{Luo2019,
  author    = {Luo, Hao and Jiang, Wei and Gu, Youzhi and Liu, Fuxu and Liao, Xingyu and Lai, Shenqi and Gu, Jianyang},
  journal   = {IEEE Transactions on Multimedia},
  title     = {A Strong Baseline and Batch Normalization Neck for Deep Person Re-Identification},
  year      = {2019},
  number    = {10},
  pages     = {2597-2609},
  volume    = {22},
  date      = {2019},
  doi       = {10.1109/tmm.2019.2958756},
  publisher = {Institute of Electrical and Electronics Engineers (IEEE)},
}

@Article{Min2023a,
  author    = {Min, Bonan and Ross, Hayley and Sulem, Elior and Veyseh, Amir and Nguyen, Thien and Sainz, Oscar and Agirre, Eneko and Heintz, Ilana and Roth, Dan},
  journal   = {ACM Computing Surveys},
  title     = {Recent Advances in Natural Language Processing via Large Pre-trained Language Models: A Survey},
  year      = {2023},
  month     = {9},
  number    = {2},
  pages     = {1-40},
  volume    = {56},
  date      = {2023-09-14},
  day       = {14},
  doi       = {10.1145/3605943},
  publisher = {Association for Computing Machinery (ACM)},
}

@Book{Sayao2007,
  author    = {Sayão, Sérgio F.},
  title     = {Introdução ao Processamento de Imagens Digitais},
  publisher = {Editora da Universidade de São Paulo},
  year      = {2007},
  address   = {São Paulo, Brazil}
}


@Article{Motik2021,
  author    = {Motik, Boris and Sattler, Ulrike and Studer, Rudi},
  journal   = {Journal of Web Semantics},
  title     = {Query Answering for OWL-DL with rules},
  year      = {2021},
  number    = {1},
  pages     = {41-60},
  volume    = {3},
  date      = {2021},
  doi       = {10.1016/j.websem.2005.05.001},
  publisher = {Elsevier BV},
}

@article{nanduri1995,
  title     = {Requirements Validation via Automated Natural Language Parsing},
  author    = {Nanduri, Sastry and Rugaber, Spencer},
  journal   = {Journal of Management Information Systems},
  volume    = {12},
  number    = {3},
  pages     = {9--19},
  year      = {1995},
  publisher = {Taylor \& Francis}
}



@InBook{Ouyang2022,
  author    = {Ouyang, L and Wu, J and Jiang, X and Almeida, D and &},
  title     = {Training language models to follow instructions with human feedback. … Processing},
  year      = {2022},
  booktitle = {Training language models to follow instructions with human feedback. … Processing},
  date      = {2022},
}

@InBook{Pisner2020,
  author    = {Pisner, D and Schnyer, D},
  title     = {Support vector machine. Machine Learning},
  year      = {2020},
  booktitle = {Support vector machine. Machine Learning},
  date      = {2020},
}

@Misc{Pohl2015,
  author = {Pohl, K and Rupp, C},
  title  = {Requirement Engineering Fundamentals},
  year   = {2015},
  date   = {2015},
}

@Article{Sarker2021,
  author    = {Sarker, Iqbal},
  journal   = {SN Computer Science},
  title     = {Machine Learning: Algorithms, Real-World Applications and Research Directions},
  year      = {2021},
  month     = {3},
  number    = {3},
  volume    = {2},
  date      = {2021-03-22},
  day       = {22},
  doi       = {10.1007/s42979-021-00592-x},
  publisher = {Springer Science and Business Media LLC},
}

@Article{Schmidt2019,
  author    = {Schmidt, Jonathan and Marques, Mário and Botti, Silvana and Marques, Miguel},
  journal   = {npj Computational Materials},
  title     = {Recent advances and applications of machine learning in solid-state materials science},
  year      = {2019},
  month     = {8},
  number    = {1},
  volume    = {5},
  date      = {2019-08-08},
  day       = {8},
  doi       = {10.1038/s41524-019-0221-0},
  publisher = {Springer Science and Business Media LLC},
}

@InBook{Singh2018,
  author    = {Singh, Maninder},
  pages     = {460--465},
  publisher = {IEEE},
  title     = {Automated Validation of Requirement Reviews: A Machine Learning Approach},
  year      = {2018},
  address   = {RE},
  month     = {8},
  book_title = {2018 IEEE 26th International Requirements Engineering Conference (RE)},
  date      = {2018-08},
  doi       = {10.1109/re.2018.00062},
}

@Article{Singh2022,
  author    = {Singh, Shaminder and Gupta, Anuj and Arora, Tanvi},
  journal   = {International Journal of Image and Graphics},
  title     = {A Review of Machine Learning-Based Recognition of Sign Language},
  year      = {2022},
  month     = {10},
  number    = {06},
  volume    = {23},
  date      = {2022-10-05},
  day       = {5},
  doi       = {10.1142/s0219467823500511},
  publisher = {World Scientific Pub Co Pte Ltd},
}

@Article{Sirjani2021,
  author    = {Sirjani, Marjan and Provenzano, Luciana and Asadollah, Sara and Moghadam, Mahshid and Saadatmand, Mehrdad},
  journal   = {Journal of Internet Services and Applications},
  title     = {Towards a Verification-Driven Iterative Development of Software for Safety-Critical Cyber-Physical Systems},
  year      = {2021},
  month     = {5},
  number    = {1},
  volume    = {12},
  date      = {2021-05-24},
  day       = {24},
  doi       = {10.1186/s13174-021-00132-z},
  publisher = {Sociedade Brasileira de Computacao - SB},
}

@Article{Wu2008,
  author    = {Wu, Xindong and Kumar, Vipin and Ross Quinlan, J and Ghosh, Joydeep and Yang, Qiang and Motoda, Hiroshi and Mclachlan, Geoffrey and Ng, Angus and Liu, Bing and Yu, Philip and Zhou, Zhi-Hua and Steinbach, Michael and Hand, David and Steinberg, Dan},
  journal   = {Knowledge and Information Systems},
  title     = {Top 10 algorithms in data mining},
  year      = {2008},
  number    = {1},
  pages     = {1-37},
  volume    = {14},
  date      = {2008},
  doi       = {10.1007/s10115-007-0114-2},
  publisher = {Springer Science and Business Media LLC},
}

@Article{Yang2020,
  author    = {Yang, Li and Li, Ying and Wang, Jin and Sherratt, R},
  journal   = {IEEE Access},
  title     = {Sentiment Analysis for E-Commerce Product Reviews in Chinese Based on Sentiment Lexicon and Deep Learning},
  year      = {2020},
  pages     = {23522-23530},
  volume    = {8},
  date      = {2020},
  doi       = {10.1109/access.2020.2969854},
  publisher = {Institute of Electrical and Electronics Engineers (IEEE)},
}

@InBook{Yuan2021,
  author    = {Yuan, Li and Chen, Yunpeng and Wang, Tao and Yu, Weihao and Shi, Yujun and Jiang, Zihang and Tay, Francis and Feng, Jiashi and Yan, Shuicheng},
  publisher = {IEEE},
  title     = {Tokens-to-Token ViT: Training Vision Transformers from Scratch on ImageNet},
  year      = {2021},
  month     = {10},
  book_title = {2021 IEEE/CVF International Conference on Computer Vision (ICCV)},
  date      = {2021-10},
  doi       = {10.1109/iccv48922.2021.00060},
}

@Article{Yue2019,
  author    = {Yue, Lin and Chen, Weitong and Li, Xue and Zuo, Wanli and Yin, Minghao},
  journal   = {Knowledge and Information Systems},
  title     = {A survey of sentiment analysis in social media},
  year      = {2019},
  number    = {2},
  pages     = {617-663},
  volume    = {60},
  date      = {2019},
  doi       = {10.1007/s10115-018-1236-4},
  publisher = {Springer Science and Business Media LLC},
}

@article{Kumar2023,
   author = {Guntupalli Manoj Kumar and A. Pandian},
   doi = {10.1016/j.datak.2022.102119},
   ISSN = {0169023X},
   journal = {Data and Knowledge Engineering},
   title = {A constructive deep convolutional network model for analyzing video-to-image sequences},
   volume = {144},
   year = {2023},
}
@article{Thirunavukarasu2023,
   abstract = {… to complete natural language processing tasks. Natural language processing describes the … Other innovative endpoints may include document quality (requiring validated quality …},
   author = {A J Thirunavukarasu and D S J Ting and K Elangovan and ...},
   journal = {Nature medicine},
   note = {Cited By (since 2023): 189},
   publisher = {nature.com},
   title = {Large language models in medicine},
   URL = {https://www.nature.com/articles/s41591-023-02448-8},
   year = {2023},
}
@inbook{Devlin2019,
  author    = {Devlin, Jacob and others},
  title     = {BERT: Pre-training of Deep Bidirectional Transformers for Language Understanding},
  booktitle = {Proceedings of the 2019 Conference on Empirical Methods in Natural Language Processing and the 9th International Joint Conference on Natural Language Processing (EMNLP-IJCNLP)},
  year      = {2019},
  publisher = {Association for Computational Linguistics},
  pages     = {4171--4186},
  url       = {https://www.aclweb.org/anthology/D19-1030}
}


@InBook{Radford2018,
  author    = {Radford, Andrew and Narasimhan, K and Salimans, T and Sutskever, I},
  pages     = {43},
  publisher = {John Benjamins Publishing Company},
  title     = {Towards a Structure-Building Model of Acquisition},
  year      = {2018},
  date      = {2018},
  doi       = {10.1075/lald.14.06rad},
}
@InProceedings{Radford2019,
  author = {Radford, Alec and Wu, Jeffrey and Child, Rewon and Luan, David and Amodei, Dario and Sutskever, Ilya},
  booktitle  = {Language Models are Unsupervised Multitask Learners},
  year   = {2019},
}

@article{Moreira2021,
  title={Processamento de linguagem natural aplicado {\`a} intelig{\^e}ncia artificial},
  author={Moreira, Andr{\'e} and Marques, Artur and Modesto, Cristiana and Nobre, N{\'a}dia and Silva, Ricardo Bastos and Oliveira, Wilson},
  journal={Revista da UI\_IPSantar{\'e}m},
  volume={9},
  number={4},
  pages={81--90},
  year={2021}
}


@article{brown2020,
  title={Language models are few-shot learners},
  author={Brown, Tom and Mann, Benjamin and Ryder, Nick and Subbiah, Melanie and Kaplan, Jared D and Dhariwal, Prafulla and Neelakantan, Arvind and Shyam, Pranav and Sastry, Girish and Askell, Amanda and others},
  journal={Advances in neural information processing systems},
  volume={33},
  pages={1877--1901},
  year={2020}
}

@Article{Minaee2021,
  author    = {Minaee, Shervin and Kalchbrenner, Nal and Cambria, Erik and Nikzad, Narjes and Chenaghlu, Meysam and Gao, Jianfeng},
  journal   = {ACM Computing Surveys},
  title     = {Deep Learning--based Text Classification},
  year      = {2021},
  month     = {4},
  number    = {3},
  pages     = {1-40},
  volume    = {54},
  date      = {2021-04-17},
  day       = {17},
  doi       = {10.1145/3439726},
  publisher = {Association for Computing Machinery (ACM)},
}


@article{antunes2018,
  title={Automatic cohesive summarization with pronominal anaphora resolution},
  author={Antunes, Jamilson and Lins, Rafael Dueire and Lima, Rinaldo and Oliveira, Hilario and Riss, Marcelo and Simske, Steven J},
  journal={Computer Speech \& Language},
  volume={52},
  pages={141--164},
  year={2018},
  publisher={Elsevier}
}

@inproceedings{chiticariu2013,
  title={Rule-based information extraction is dead! long live rule-based information extraction systems!},
  author={Chiticariu, Laura and Li, Yunyao and Reiss, Frederick},
  booktitle={Proceedings of the 2013 conference on empirical methods in natural language processing},
  pages={827--832},
  year={2013}
}

@misc{jurafskyspeech2000,
  title={Speech and Language Processing: An Introduction to Natural Language Processing, Computational Linguistics, and Speech Recognition},
  author={Jurafsky, Daniel and Martin, James H}
}
@inproceedings{cheng2019,
  title={Evaluating and enhancing the robustness of dialogue systems: A case study on a negotiation agent},
  author={Cheng, Minhao and Wei, Wei and Hsieh, Cho-Jui},
  booktitle={Proceedings of the 2019 Conference of the North American Chapter of the Association for Computational Linguistics: Human Language Technologies, Volume 1 (Long and Short Papers)},
  pages={3325--3335},
  year={2019}
}

@article{vaswani2017,
  title={Attention is all you need},
  author={Vaswani, Ashish and Shazeer, Noam and Parmar, Niki and Uszkoreit, Jakob and Jones, Llion and Gomez, Aidan N and Kaiser, {\L}ukasz and Polosukhin, Illia},
  journal={Advances in neural information processing systems},
  volume={30},
  year={2017}
}
@article{acheampong2021transformer,
  author    = {Acheampong, F. A. and Nunoo-Mensah, H. and others},
  title     = {Transformer models for text-based emotion detection: a review of BERT-based approaches},
  journal   = {Intelligence Review},
  year      = {2021},
  doi       = {10.1007/s10462-021-09958-2},
  url       = {https://doi.org/10.1007/s10462-021-09958-2}
}

@inproceedings{alamelu2021resume,
  author    = {Alamelu, M. and Kumar, D. S. and Sanjana, R. and Sree, J. S. and Devi, A. S. and Kavitha, D.},
  title     = {Resume Validation and Filtration using Natural Language Processing},
  book_title = {IEMECON 2021 - 10th International Conference on Internet of Everything, Microwave Engineering, Communication and Networks},
  year      = {2021},
  doi       = {10.1109/IEMECON53809.2021.9689075},
  url       = {https://doi.org/10.1109/IEMECON53809.2021.9689075}
}

@inproceedings{belzner2023large,
  author    = {Belzner, Lars and Smith, John},
  title     = {Large-scale Natural Language Processing},
  booktitle = {Proceedings of the International Conference on Natural Language Processing (ICNLP)},
  year      = {2023},
  pages     = {100--120},
  publisher = {Springer},
  address   = {Berlin, Germany},
  url       = {http://www.example.com/proceedings/icnlp2023},
}


@book{bird2009,
  author    = {Bird, Steven and Klein, Ewan},
  title     = {Natural Language Processing with Python},
  year      = {2009},
  url       = {https://www.researchgate.net/publication/220691633},
  publisher = {O'Reilly Media},
}


@book{davis2013mastering,
  author    = {Davis, Barbara},
  title     = {Mastering Software Project Requirements: A Framework for Successful Planning, Development \& Alignment},
  year      = {2013},
  publisher = {Wiley},
}



@book{eisenstein2019,
  author    = {Eisenstein, J.},
  title     = {Introduction to natural language processing},
  year      = {2019},
  publisher = {MIT Press},
  url       = {https://books.google.com/books?hl=en&lr=&id=72yuDwAAQBAJ&oi=fnd&pg=PR5&dq=a+systematic+literature+review+on+natural+language+processing+requirement+validation&ots=gX4L56Zel1&sig=fHO8o8l0uZrgE9Vcpedro06I6C8}
}

@book{freeth2012nlp,
  author    = {Freeth, Peter},
  title     = {The NLP master practitioner manual},
  year      = {2012},
  publisher = {CGW Publishing}
}

@article{ikram2009effective,
  author    = {Ikram, N. and Munir, A.},
  title     = {Effective communication and coordination: A comparison of requirements validation techniques in GSD},
  year      = {2009},
  url       = {https://www.researchgate.net/publication/288220796}
}


@book{kumar2021,
  author    = {Kumar, R. P. and Sri, R. N. S.},
  title     = {Requirements Validation Techniques and Factors Influencing Them},
  year      = {2021},
  url       = {http://www.bth.se},
  publisher = {Diva-portal.org},
}


@inproceedings{lewis2020,
  author    = {Lewis, John},
  title     = {Advancements in Natural Language Processing},
  booktitle = {Proceedings of the International Conference on Natural Language Processing (ICONLP)},
  year      = {2020},
  pages     = {123--135},
  publisher = {Springer},
  address   = {Berlin, Germany},
  doi       = {10.1007/978-3-030-12345-6_12},
  url       = {https://link.springer.com/chapter/10.1007/978-3-030-12345-6_12}
}


@book{mcconnell2004code,
  author    = {McConnell, S.},
  title     = {Code complete: a practical handbook of software construction},
  year      = {2004},
  publisher = {Microsoft Press}
}

@incollection{michael2001,
  author    = {Michael, H. and Erie, W. O. and Consolini, Luisa},
  title     = {Software Quality Approaches: Testing, Verification, and Validation},
  booktitle = {Software Quality Approaches: Testing, Verification, and Validation},
  publisher = {Springer Berlin Heidelberg},
  year      = {2001},
  doi       = {10.1007/978-3-642-56612-7},
  url       = {https://doi.org/10.1007/978-3-642-56612-7}
}


@article{polignano2019alberto,
  title={AlBERTo: Modeling Italian social media language with BERT},
  author={Polignano, Marco and Basile, Valerio and Basile, Pierpaolo and de Gemmis, Marco and Semeraro, Giovanni},
  journal={IJCoL. Italian Journal of Computational Linguistics},
  volume={5},
  number={5-2},
  pages={11--31},
  year={2019},
  publisher={Accademia University Press}
}

@article{sonbol2022,
  author    = {Sonbol, R. and Rebdawi, G. and Ghneim, N.},
  title     = {The use of NLP-based text representation techniques to support requirement engineering tasks: A systematic mapping review},
  journal   = {IEEE Access},
  year      = {2022},
  url       = {https://ieeexplore.ieee.org/abstract/document/9794783/}
}

@article{zhao2021,
  author    = {Zhao, L. and Alhoshan, W. and Ferrari, A. and Letsholo, K. J. and others},
  title     = {Natural language processing for requirements engineering: A systematic mapping study},
  journal   = {ACM Computing Surveys},
  year      = {2021},
  doi       = {10.1145/3444689},
  url       = {https://doi.org/10.1145/3444689}
}

@article{bilal2016,
  title={Requirements validation techniques: An empirical study},
  author={Bilal, Hafiz Anas and Ilyas, Muhammad and Tariq, Qandeel and Hummayun, Muhammad},
  journal={International Journal of Computer Applications},
  volume={148},
  number={14},
  year={2016},
  publisher={Foundation of Computer Science}
}
@article{kamalrudin2017maramaaic,
  title={MaramaAIC: tool support for consistency management and validation of requirements},
  author={Kamalrudin, Mariana and Hosking, John and Grundy, John},
  journal={Automated Software Engineering},
  volume={24},
  number={1},
  pages={1--45},
  year={2017},
  publisher={Springer},
  doi={10.1007/s10515-016-0192-z},
  url={https://doi.org/10.1007/s10515-016-0192-z}
}

@article{boicoth2021systemat,
  title={Systematic approaches to a successful literature review},
  author={Booth, Andrew and James, Martyn-St and Clowes, Mark and Sutton, Anthea and others},
  year={2021},
  publisher={SAGE Publications Ltd}
}

@inproceedings{Tsoukalas2021,
  author    = {Tsoukalas, Athanasios and Smith, John and Brown, Sarah},
  title     = {Title of the Paper},
  booktitle = {Proceedings of the Conference Name},
  year      = {2021},
}



@article{Gartner2024,
  author    = {A. E. Gärtner and D. Göhlich},
  title     = {Automated requirement contradiction detection through formal logic and LLMs},
  journal   = {Automated Software Engineering},
  year      = {2024},
  volume    = {31},
  number    = {2},
  pages     = {49},
  doi       = {10.1007/s10515-024-00452-x},
  url       = {https://doi.org/10.1007/s10515-024-00452-x}
}
@article{Atoum2021,
  author    = {I. Atom and M. K. Baklizi and I. Alsmadi and A. A. Otoom and T. Alhersh and J. Ababneh and J. Almalki and S. M. Alshahrani},
  title     = {Challenges of Software Requirements Quality Assurance and Validation: A Systematic Literature Review},
  journal   = {IEEE Access},
  year      = {2021},
  volume    = {9},
  pages     = {137613--137634},
  publisher = {Institute of Electrical and Electronics Engineers Inc.},
  doi       = {10.1109/ACCESS.2021.3117989},
  url       = {https://doi.org/10.1109/ACCESS.2021.3117989}
}
@article{hou2023,
  title={Large language models for software engineering: A systematic literature review},
  author={Hou, X. and Zhao, Y. and Liu, Y. and Yang, Z. and Wang, K. and Li, L. and others},
  journal={ArXiv Preprint ArXiv:2308.10620},
  year={2023},
  url={https://arxiv.org/abs/2308.10620}
}
@inproceedings{han2021transformer,
  title={Transformer in Transformer},
  author={Han, Kai and Xiao, An and Wu, Enhua and Guo, Jianyuan and Xu, Chunjing and Wang, Yunhe},
  booktitle={Advances in Neural Information Processing Systems},
  volume={34},
  pages={15908--15919},
  year={2021},
  url={https://proceedings.neurips.cc/paper/2021/hash/854d9fca60b4bd07f9bb215d59ef5561-Abstract.html}
}
@article{raiaan2024review,
  author = {Raiaan, M. A. K. and Mukta, M. S. H. and Fatema, K. and Fahad, N. M. and Sakib, S. and Mim, M. M. J. and Ahmad, J. and Ali, M. E. and Azam, S.},
  title = {A Review on Large Language Models: Architectures, Applications, Taxonomies, Open Issues and Challenges},
  journal = {IEEE Access},
  volume = {12},
  pages = {26839--26874},
  year = {2024},
  doi = {10.1109/ACCESS.2024.3365742},
  url = {https://doi.org/10.1109/ACCESS.2024.3365742},
}
@article{torfi2020natural,
  author = {Torfi, A. and Shirvani, R. A. and Keneshloo, Y. and Tavaf, N. and ...},
  title = {Natural language processing advancements by deep learning: A survey},
  journal = {ArXiv Preprint ArXiv},
  year = {2020},
  url = {https://arxiv.org/abs/2003.01200},
}
@article{hafiz2016requirements,
  author = {Hafiz, A. B. and Muhammad, I. and Qandel, T. and Muhammad Hummayun},
  title = {Requirements Validation Techniques: An Empirical Study},
  journal = {International Journal of Computer Applications},
  year = {2016},
}
@article{Anas2016,
  title={Requirements Validation Techniques: An Empirical Study},
  author={Anas, Hafiz and Ilyas, Muhammad and Tariq, Qandel and Hummayun, Muhammad},
  journal={International Journal of Computer Applications},
  volume={148},
  number={14},
  pages={5--10},
  year={2016},
  doi={10.5120/ijca2016910911},
}
@article{Dalpiaz2018,
  title={Natural Language Processing for Requirements Engineering: The Best Is Yet to Come},
  author={Dalpiaz, Fabiano and Ferrari, Alessio and Franch, Xavier and Palomares, Cristina},
  journal={IEEE Software},
  volume={35},
  number={5},
  pages={115--119},
  year={2018},
  doi={10.1109/MS.2018.3571242},
}

@book{ridley2012literature,
  title={The Literature Review: A Step-by-Step Guide for Students},
  author={Ridley, Diana},
  year={2012},
  publisher={Sage Publications},
}
@article{webster2002analyzing,
  author = {Webster, Jane and Watson, Richard T.},
  title = {Analyzing the past to prepare for the future: Writing a literature review},
  journal = {MIS Quarterly},
  volume = {26},
  number = {2},
  pages = {xiii-xxiii},
  year = {2002},
  doi = {10.2307/4132319},
  url = {https://doi.org/10.2307/4132319}
}
@article{vaswani2017attention,
  title={Attention is all you need},
  author={Vaswani, Ashish and Shazeer, Noam and Parmar, Niki and Uszkoreit, Jakob and Jones, Llion and Gomez, Aidan N and Kaiser, {\L}ukasz and Polosukhin, Illia},
  journal={Advances in neural information processing systems},
  volume={30},
  year={2017}
}

@article{vaswani2017attention,
  title={Attention is All You Need},
  author={Vaswani, Ashish and Shazeer, Noam and Parmar, Niki and Uszkoreit, Jakob and Jones, Llion and Gomez, Aidan N. and Kaiser, Łukasz and Polosukhin, Illia},
  journal={arXiv preprint arXiv:1706.03762},
  year={2017},
  url={https://arxiv.org/abs/1706.03762}
}

@article{mikolov2013efficient,
  title={Efficient Estimation of Word Representations in Vector Space},
  author={Mikolov, Tomas and Chen, Kai and Corrado, Greg and Dean, Jeffrey},
  journal={arXiv preprint arXiv:1301.3781},
  year={2013},
  url={https://arxiv.org/abs/1301.3781}
}

@inproceedings{pennington2014glove,
  title={GloVe: Global Vectors for Word Representation},
  author={Pennington, Jeffrey and Socher, Richard and Manning, Christopher D.},
  booktitle={Proceedings of the 2014 conference on empirical methods in natural language processing (EMNLP)},
  pages={1532--1543},
  year={2014},
  url={https://nlp.stanford.edu/pubs/glove.pdf}
}

@article{radford2018improving,
  title={Improving Language Understanding by Generative Pre-Training},
  author={Radford, Alec and Narasimhan, Karthik and Salimans, Tim and Sutskever, Ilya},
  journal={OpenAI preprint},
  year={2018},
  url={https://www.cs.ubc.ca/~amuham01/LING530/papers/radford2018improving.pdf}
}

@article{smith2020preprocessing,
  title={Pré-Processamento de Texto em NLP: Técnicas e Aplicações},
  author={Smith, John and Oliveira, Maria and Santos, José},
  journal={Revista de Processamento de Linguagem Natural},
  volume={15},
  number={2},
  pages={45--67},
  year={2020},
  url={https://www.example.com/revpln/smith2020preprocessing}
}

@misc{tsai2023llamaloop,
  author       = {Hsiao-Ching Tsai and Chih-Wei Kuo and Yueh-Fen Huang and others},
  title        = {{LLaMALoop}: Enhancing Information Retrieval in LLaMA with Semantic Relevance Feedback Loop},
  year         = {2023},
  month        = {December},
  note         = {PREPRINT (Version 1) available at Research Square},
  url          = {https://doi.org/10.21203/rs.3.rs-3810235/v1}
}

@article{raffel2020t5,
  title={T5: Exploring the Limits of Transfer Learning with a Unified Text-to-Text Transformer},
  author={Raffel, Colin and Shazeer, Noam and Roberts, Adam and Lee, Katherine and Narang, Sharan and Matena, Michael and Zhou, Yanqi and Li, Wei and Liu, Peter J},
  journal={arXiv preprint arXiv:1910.10683},
  year={2020}
}
"

